@article{Ball1974ThreeDimensionalPM,
  title={Three-Dimensional Positioning—by Multilateration},
  author={William E. Ball},
  journal={Journal of the Surveying and Mapping Division},
  year={1974},
  volume={100},
  pages={63-78},
  url={https://api.semanticscholar.org/CorpusID:130382433}
}

@inproceedings{norrdine2012algebraic,
  title={An algebraic solution to the multilateration problem},
  author={Norrdine, Abdelmoumen},
  booktitle={Proceedings of the 15th international conference on indoor positioning and indoor navigation, Sydney, Australia},
  volume={1315},
  year={2012},
  doi = {10.13140/RG.2.1.1681.3602}
}

@article{murphy1995determination,
  title={Determination of a position in three dimensions using trilateration and approximate distances},
  author={Hereman, Willy},
  year={1995},
  journal={Colorado School of Mines},
}

@INPROCEEDINGS{9254075,
  author={Wiszniewski, Szymon and Błaszkiewicz, Olga and Olejniczak, Alicja and Sadowski, Jarosław and Stefański, Jacek},
  booktitle={2020 Baltic URSI Symposium (URSI)}, 
  title={Implementation Of The Innovative Radiolocalization System VCS-MLAT (Voice Communication System – Multilateration)}, 
  year={2020},
  volume={},
  number={},
  pages={95-99},
  keywords={Location awareness;Communication systems;Radio transmitters;Receivers;Position measurement;Time measurement;Aircraft;radiolocalization;airband;aviation;aircraft;multilateration},
  doi={10.23919/URSI48707.2020.9254075}
}

@ARTICLE{103043,
  author={Mills, D.L.},
  journal={IEEE Transactions on Communications}, 
  title={Internet time synchronization: the network time protocol}, 
  year={1991},
  volume={39},
  number={10},
  pages={1482-1493},
  keywords={IP networks;Protocols;Clocks;Synchronization;Internet;Web server;Network servers;Milling machines;Maintenance;Wire},
  doi={10.1109/26.103043}
}

@INPROCEEDINGS{6066334,
  author={Yong-xing, Zhu and Chao, Zhang and Yu-lei, Yuan},
  booktitle={2011 International Conference on Electronics, Communications and Control (ICECC)}, 
  title={Research on computer time synchronization by software method}, 
  year={2011},
  volume={},
  number={},
  pages={998-1001},
  keywords={Computers;Synchronization;Clocks;Radiation detectors;Delay;Software;time synchronization;software method;time comparison;precision analysis},
  doi={10.1109/ICECC.2011.6066334}
}

@INPROCEEDINGS{8866385,
  author={Wang, Shoubin and Shi, Mingxing and Li, Donghui and Du, Tao},
  booktitle={2019 Chinese Control Conference (CCC)}, 
  title={A Survey of Time Synchronization Algorithms for Wireless Sensor Networks}, 
  year={2019},
  volume={},
  number={},
  pages={6392-6397},
  keywords={Synchronization;Delays;Wireless sensor networks;Clocks;Protocols;Energy consumption;Wireless Sensor Network;Time synchronization;distributed;centralized},
  doi={10.23919/ChiCC.2019.8866385}
}

@INPROCEEDINGS{7162278,
  author={Zhan, Yuzhuo and Lei, Weimin and Zhang, Wei},
  booktitle={The 27th Chinese Control and Decision Conference (2015 CCDC)}, 
  title={Survey on time synchronization technology in networks}, 
  year={2015},
  volume={},
  number={},
  pages={2157-2161},
  keywords={Decision support systems;World Wide Web;time synchronization;Internet;Wireless Sensor Network (WSN);Peer to Peer Network(P2P)},
  doi={10.1109/CCDC.2015.7162278}
}
